<collection xmlns="http://www.loc.gov/MARC21/slim">
<record>
  <leader>01397nam0a22002651i 450 </leader>
  <controlfield tag="001">IT\ICCU\CNCE\031549</controlfield>
  <controlfield tag="005">20100308000000.0</controlfield>
  <datafield tag="012" ind1=" " ind2=" ">
    <subfield code="a">reti siur daa: InIe (C) 1516 (R)</subfield>
    <subfield code="2">fei</subfield>
  </datafield>
  <datafield tag="100" ind1=" " ind2=" ">
    <subfield code="a">19971204d1516        0itac0103    ba</subfield>
  </datafield>
  <datafield tag="101" ind1=" " ind2=" ">
    <subfield code="a">LAT</subfield>
  </datafield>
  <datafield tag="102" ind1=" " ind2=" ">
    <subfield code="a">IT</subfield>
  </datafield>
  <datafield tag="200" ind1="1" ind2=" ">
    <subfield code="a">℗Item venerabilis viri Sedulii ℗Paschale opus: quod heroicis descripsit versibus insigni laude proferimus ... Quisquis es caueto: ne aut per te impressa: aut aliusde in principis nostri ducatum aduecta Sedulii opera vendere tentes. Nam privilegii edicto temeritatis ...</subfield>
  </datafield>
  <datafield tag="210" ind1=" " ind2=" ">
    <subfield code="e">Impressum Taurini</subfield>
    <subfield code="g">per Io. Angelum &amp; Bernardinum de Silua</subfield>
    <subfield code="h">1516 die iii. mensis Septembris</subfield>
  </datafield>
  <datafield tag="215" ind1=" " ind2=" ">
    <subfield code="a">\32! c.</subfield>
    <subfield code="d">4ʻ</subfield>
  </datafield>
  <datafield tag="620" ind1=" " ind2=" ">
    <subfield code="a">IT</subfield>
    <subfield code="d">Torino</subfield>
  </datafield>
  <datafield tag="700" ind1=" " ind2="1">
    <subfield code="a">Sedulius,</subfield>
    <subfield code="b">Caelius</subfield>
    <subfield code="3">IT\ICCU\CNCA\009299</subfield>
  </datafield>
  <datafield tag="712" ind1="0" ind2="0">
    <subfield code="a">Silva, Giovanni Angelo &amp; Silva, Bernardino</subfield>
    <subfield code="3">IT\ICCU\CNCT\000984</subfield>
    <subfield code="4">650</subfield>
  </datafield>
  <datafield tag="790" ind1=" " ind2="0">
    <subfield code="a">Sedulius</subfield>
    <subfield code="3">IT\ICCU\CNCA\024979</subfield>
    <subfield code="z">Sedulius, Caelius</subfield>
  </datafield>
  <datafield tag="790" ind1=" " ind2="1">
    <subfield code="a">Sedulius,</subfield>
    <subfield code="b">Caius Coelius</subfield>
    <subfield code="3">IT\ICCU\CNCA\024980</subfield>
    <subfield code="z">Sedulius, Caelius</subfield>
  </datafield>
  <datafield tag="790" ind1=" " ind2="0">
    <subfield code="a">Sedulio</subfield>
    <subfield code="3">IT\ICCU\CNCA\024981</subfield>
    <subfield code="z">Sedulius, Caelius</subfield>
  </datafield>
  <datafield tag="791" ind1="0" ind2="0">
    <subfield code="a">Sylva, Ioanne Angelo &amp; Sylva, Bernardino de</subfield>
    <subfield code="3">IT\ICCU\CNCT\005665</subfield>
    <subfield code="z">Silva, Giovanni Angelo &amp; Silva, Bernardino</subfield>
  </datafield>
  <datafield tag="801" ind1=" " ind2="3">
    <subfield code="a">IT</subfield>
    <subfield code="b">ICCU</subfield>
    <subfield code="c">20201114</subfield>
  </datafield>
  <datafield tag="899" ind1=" " ind2=" ">
    <subfield code="a">Biblioteca nazionale centrale. Firenze</subfield>
    <subfield code="1">FI0098</subfield>
    <subfield code="2">CFI CF</subfield>
  </datafield>
  <datafield tag="899" ind1=" " ind2=" ">
    <subfield code="a">Biblioteca Reale. Torino</subfield>
    <subfield code="1">TO0263</subfield>
    <subfield code="2">TO0 07</subfield>
  </datafield>
  <datafield tag="899" ind1=" " ind2=" ">
    <subfield code="a">Biblioteca nazionale universitaria. Torino</subfield>
    <subfield code="1">TO0265</subfield>
    <subfield code="2">TO0 02</subfield>
  </datafield>
</record>
</collection>
